<record><leader>00000cas a2200000 a 4500</leader><controlfield tag="001">10480104</controlfield><controlfield tag="008">840302c19639999nyudn ne      0   b0spa c</controlfield><datafield ind1=" " ind2=" " tag="010"><subfield code="a">sn 84009276 </subfield></datafield><datafield ind1=" " ind2=" " tag="040"><subfield code="a">NSD</subfield><subfield code="b">eng</subfield><subfield code="c">NSD</subfield><subfield code="d">NYG</subfield><subfield code="d">DLC</subfield><subfield code="d">YOX</subfield><subfield code="d">NJW</subfield><subfield code="d">YOX</subfield><subfield code="d">OCL</subfield><subfield code="d">PNN</subfield><subfield code="d">NYS</subfield><subfield code="d">CUS</subfield><subfield code="d">DLC</subfield><subfield code="d">NYS</subfield><subfield code="d">IXA</subfield><subfield code="d">NSD</subfield><subfield code="d">OCLCQ</subfield><subfield code="d">CGU</subfield><subfield code="d">GK8</subfield><subfield code="d">OCLCQ</subfield><subfield code="d">OCLCF</subfield><subfield code="d">DLC</subfield><subfield code="d">OCLCO</subfield><subfield code="d">DLC</subfield><subfield code="d">IOU</subfield></datafield><datafield ind1=" " ind2=" " tag="012"><subfield code="l">1</subfield><subfield code="m">1</subfield></datafield><datafield ind1=" " ind2=" " tag="019"><subfield code="a">1664928</subfield></datafield><datafield ind1="1" ind2=" " tag="022"><subfield code="a">0742-9428</subfield><subfield code="l">0742-9428</subfield><subfield code="2">1</subfield></datafield><datafield ind1="1" ind2=" " tag="029"><subfield code="a">AU@</subfield><subfield code="b">000020411016</subfield></datafield><datafield ind1=" " ind2=" " tag="032"><subfield code="a">169680</subfield><subfield code="b">USPS</subfield></datafield><datafield ind1=" " ind2=" " tag="042"><subfield code="a">nsdp</subfield><subfield code="a">pcc</subfield></datafield><datafield ind1=" " ind2=" " tag="043"><subfield code="a">n-us-ny</subfield><subfield code="a">n-us---</subfield></datafield><datafield ind1="0" ind2="0" tag="050"><subfield code="a">Newspaper</subfield></datafield><datafield ind1=" " ind2="3" tag="222"><subfield code="a">El Diario, la prensa</subfield></datafield><datafield ind1="0" ind2="3" tag="245"><subfield code="a">El Diario, la prensa.</subfield></datafield><datafield ind1=" " ind2=" " tag="250"><subfield code="a">Ed. metropolitana Nueva York.</subfield></datafield><datafield ind1=" " ind2=" " tag="260"><subfield code="a">New York, N.Y. :</subfield><subfield code="b">El Diario Pub. Co.,</subfield><subfield code="c">1963-</subfield></datafield><datafield ind1=" " ind2=" " tag="300"><subfield code="a">v. :</subfield><subfield code="b">ill. ;</subfield><subfield code="c">37 cm.</subfield></datafield><datafield ind1=" " ind2=" " tag="310"><subfield code="a">Daily (except Saturday)</subfield></datafield><datafield ind1="0" ind2=" " tag="362"><subfield code="a">Vol. 16, no. 4,771 (14 de jun. de 1963)-</subfield></datafield><datafield ind1=" " ind2=" " tag="500"><subfield code="a">"Decano de la prensa hispana en los EE UU."</subfield></datafield><datafield ind1=" " ind2=" " tag="500"><subfield code="a">"The Oldest Spanish Language Newspaper in the U.S.A."</subfield></datafield><datafield ind1=" " ind2=" " tag="500"><subfield code="a">Published by CPK NYC, LLC &lt;2003&gt;</subfield></datafield><datafield ind1=" " ind2=" " tag="515"><subfield code="a">Irregular numbering.</subfield></datafield><datafield ind1=" " ind2=" " tag="530"><subfield code="a">Available on microfilm from the Library of Congress Photoduplication Service, Praxess Associates, and others.</subfield></datafield><datafield ind1=" " ind2=" " tag="530"><subfield code="a">Also issued online.</subfield></datafield><datafield ind1=" " ind2=" " tag="588"><subfield code="a">Latest issue consulted: Vol. 37, [no no.] (26 de nov. an&#771;o 2001).</subfield></datafield><datafield ind1=" " ind2="0" tag="650"><subfield code="a">Hispanic Americans</subfield><subfield code="v">Newspapers.</subfield></datafield><datafield ind1=" " ind2="0" tag="650"><subfield code="a">Hispanic Americans</subfield><subfield code="z">New York (State)</subfield><subfield code="v">Newspapers.</subfield></datafield><datafield ind1=" " ind2="0" tag="651"><subfield code="a">New York (N.Y.)</subfield><subfield code="v">Newspapers.</subfield></datafield><datafield ind1=" " ind2="7" tag="650"><subfield code="a">Hispanic Americans.</subfield><subfield code="2">fast</subfield><subfield code="0">(OCoLC)fst00957523</subfield></datafield><datafield ind1=" " ind2="7" tag="651"><subfield code="a">New York (State)</subfield><subfield code="2">fast</subfield><subfield code="0">(OCoLC)fst01210280</subfield></datafield><datafield ind1=" " ind2="7" tag="651"><subfield code="a">New York (State)</subfield><subfield code="z">New York.</subfield><subfield code="2">fast</subfield><subfield code="0">(OCoLC)fst01204333</subfield></datafield><datafield ind1=" " ind2="4" tag="651"><subfield code="a">New York (N.Y.)</subfield><subfield code="x">Newspapers.</subfield></datafield><datafield ind1=" " ind2="7" tag="655"><subfield code="a">Newspapers.</subfield><subfield code="2">fast</subfield><subfield code="0">(OCoLC)fst01423814</subfield></datafield><datafield ind1=" " ind2=" " tag="752"><subfield code="a">United States</subfield><subfield code="b">New York</subfield><subfield code="c">New York</subfield><subfield code="d">New York.</subfield></datafield><datafield ind1="0" ind2="8" tag="776"><subfield code="i">Online version:</subfield><subfield code="t">Diario, la prensa</subfield><subfield code="x">2378-6191</subfield><subfield code="w">(DLC)  2011262116</subfield><subfield code="w">(OCoLC)729757817</subfield></datafield><datafield ind1="0" ind2="0" tag="780"><subfield code="t">Diario de Nueva York, la prensa</subfield><subfield code="x">1946-1380</subfield><subfield code="w">(DLC)sn 85042273</subfield><subfield code="w">(OCoLC)12041821</subfield></datafield><datafield ind1="4" ind2="1" tag="856"><subfield code="z">Backfile available online at:</subfield><subfield code="u">http://enw.softlineweb.com/</subfield></datafield><datafield ind1="4" ind2="1" tag="856"><subfield code="z">Current issue available online at:</subfield><subfield code="u">http://eldiariony.com/noticias/index.aspx</subfield></datafield></record>